<?xml version="1.0" encoding="UTF-8"?><collection xmlns="http://www.loc.gov/MARC21/slim"><record><leader>00325nam--2200133-i-4500</leader><controlfield tag="001">000039144</controlfield><controlfield tag="002">20161230</controlfield><controlfield tag="005">20161230201042</controlfield><controlfield tag="008">060222s1000------------r-----000-0-eng-d</controlfield><datafield ind1=" " ind2=" " tag="100"><subfield code="a">Rindler,W</subfield></datafield><datafield ind1=" " ind2=" " tag="245"><subfield code="a">Special relativisty</subfield></datafield><datafield ind1=" " ind2=" " tag="260"><subfield code="a">Edinburgh, Oliver And Boyd, 1960. X + 186 P</subfield></datafield><datafield ind1=" " ind2=" " tag="490"><subfield code="a">Univ.Math.Texts</subfield></datafield><datafield ind1=" " ind2=" " tag="852"><subfield code="a">15817</subfield></datafield></record></collection>